@misc{uci-thesis-latex_original,
  title = {{LaTeX template for thesis and dissertation documents at UC Irvine}},
  author = {Otten, Lars},
  year = 2012,
  howpublished = {\url{https://github.com/lotten/uci-thesis-latex}}
}

@misc{uci-thesis-latex_colby-reyes,
  title = {{LaTeX template for thesis and dissertation documents at UC Irvine}},
  author = {Reyes, Colby},
  year = 2021,
  howpublished = {\url{https://github.com/colby-reyes/UCI-Thesis-Template}}
}
